%!TEX root = ../2019_7_Ozgumus_Semsi_Yigit.tex
% GAN
@inproceedings{Goodfellow:2014:GAN:2969033.2969125,
 author = {Goodfellow, Ian J. and Pouget-Abadie, Jean and Mirza, Mehdi and Xu, Bing and Warde-Farley, David and Ozair, Sherjil and Courville, Aaron and Bengio, Yoshua},
 title = {Generative Adversarial Nets},
 booktitle = {Proceedings of the 27th International Conference on Neural Information Processing Systems - Volume 2},
 series = {NIPS'14},
 year = {2014},
 location = {Montreal, Canada},
 pages = {2672--2680},
 numpages = {9},
 url = {http://dl.acm.org/citation.cfm?id=2969033.2969125},
 acmid = {2969125},
 publisher = {MIT Press},
 address = {Cambridge, MA, USA},
} 

@article{Chandola:2009:ADS:1541880.1541882,
 author = {Chandola, Varun and Banerjee, Arindam and Kumar, Vipin},
 title = {Anomaly Detection: A Survey},
 journal = {ACM Comput. Surv.},
 issue_date = {July 2009},
 volume = {41},
 number = {3},
 month = jul,
 year = {2009},
 issn = {0360-0300},
 pages = {15:1--15:58},
 articleno = {15},
 numpages = {58},
 url = {http://doi.acm.org/10.1145/1541880.1541882},
 doi = {10.1145/1541880.1541882},
 acmid = {1541882},
 publisher = {ACM},
 address = {New York, NY, USA},
 keywords = {Anomaly detection, outlier detection},
} 

% RevieUsing thw  of anomaly detection
@article{Pimentel:2014:RRN:2588908.2589196,
 author = {Pimentel, Marco A. F. and Clifton, David A. and Clifton, Lei and Tarassenko, Lionel},
 title = {Review: A Review of Novelty Detection},
 journal = {Signal Process.},
 issue_date = {June, 2014},
 volume = {99},
 month = jun,
 year = {2014},
 issn = {0165-1684},
 pages = {215--249},
 numpages = {35},
 url = {http://dx.doi.org/10.1016/j.sigpro.2013.12.026},
 doi = {10.1016/j.sigpro.2013.12.026},
 acmid = {2589196},
 publisher = {Elsevier North-Holland, Inc.},
 address = {Amsterdam, The Netherlands, The Netherlands},
 keywords = {Machine learning, Novelty detection, One-class classification},
} 
% AI report
@article{Bengio:2009:LDA:1658423.1658424,
 author = {Bengio, Yoshua},
 title = {Learning Deep Architectures for AI},
 journal = {Found. Trends Mach. Learn.},
 issue_date = {January 2009},
 volume = {2},
 number = {1},
 month = jan,
 year = {2009},
 issn = {1935-8237},
 pages = {1--127},
 numpages = {127},
 url = {http://dx.doi.org/10.1561/2200000006},
 doi = {10.1561/2200000006},
 acmid = {1658424},
 publisher = {Now Publishers Inc.},
 address = {Hanover, MA, USA},
} 

% RELU

@inproceedings{Glorot2011DeepSR,
  title={Deep Sparse Rectifier Neural Networks},
  author={Xavier Glorot and Antoine Bordes and Yoshua Bengio},
  booktitle={AISTATS},
  year={2011}
}

% Dropout
@article{Srivastava2014DropoutAS,
  title={Dropout: a simple way to prevent neural networks from overfitting},
  author={Nitish Srivastava and Geoffrey E. Hinton and Alex Krizhevsky and Ilya Sutskever and Ruslan R. Salakhutdinov},
  journal={Journal of Machine Learning Research},
  year={2014},
  volume={15},
  pages={1929-1958}
}

%DCGAN
@article{Radford2016UnsupervisedRL,
  title={Unsupervised Representation Learning with Deep Convolutional Generative Adversarial Networks},
  author={Alec Radford and Luke Metz and Soumith Chintala},
  journal={CoRR},
  year={2016},
  volume={abs/1511.06434}
}

%backprop
@inproceedings{Widrow2008AppendixGT,
  title={Appendix G: Thirty Years of Adaptive Neural Networks: Perceptron, Madaline, and Backpropagation},
  author={Bernard Widrow and Eugene Walach},
  year={2008}
}

% ANogan
@inproceedings{Schlegl2017UnsupervisedAD,
  title={Unsupervised Anomaly Detection with Generative Adversarial Networks to Guide Marker Discovery},
  author={Thomas Schlegl and Philipp Seeb{\"o}ck and Sebastian M. Waldstein and Ursula Schmidt-Erfurth and Georg Langs},
  booktitle={IPMI},
  year={2017}
}

%Feature matching
@article{fm,
author = {Salimans, Tim and Goodfellow, Ian and Zaremba, Wojciech and Cheung, Vicki and Radford, Alec and Chen, Xi},
year = {2016},
month = {06},
pages = {},
title = {Improved Techniques for Training GANs}
}

% Training methods

@article{methods,
author = {Arjovsky, Martin and Bottou, LÃ©on},
year = {2017},
month = {01},
pages = {},
title = {Towards Principled Methods for Training Generative Adversarial Networks},
volume = {1050},
journal = {stat}
}

% Adversarially Learned Interface
@article{Dumoulin2017AdversariallyLI,
  title={Adversarially Learned Inference},
  author={Vincent Dumoulin and Ishmael Belghazi and Ben Poole and Alex Lamb and Mart{\'i}n Arjovsky and Olivier Mastropietro and Aaron C. Courville},
  journal={CoRR},
  year={2017},
  volume={abs/1606.00704}
}

% Adversarial Feature Learning

@article{Donahue2017AdversarialFL,
  title={Adversarial Feature Learning},
  author={Jeff Donahue and Philipp Kr{\"a}henb{\"u}hl and Trevor Darrell},
  journal={CoRR},
  year={2017},
  volume={abs/1605.09782}
}

% Deep learning book
@book{Goodfellow-et-al-2016,
    title={Deep Learning},
    author={Ian Goodfellow and Yoshua Bengio and Aaron Courville},
    publisher={MIT Press},
    note={\url{http://www.deeplearningbook.org}},
    year={2016}
}

%Autoencoder variational bayes
@misc{kingma2013autoencoding,
  added-at = {2018-09-01T00:55:48.000+0200},
  author = {Kingma, Diederik P and Welling, Max},
  biburl = {https://www.bibsonomy.org/bibtex/2d5418945b5a08cf2ad018a9d593364ed/gonzalob90},
  description = {[1312.6114] Auto-Encoding Variational Bayes},
  interhash = {85731e0fbdb10b8543ea9f55301b37a5},
  intrahash = {d5418945b5a08cf2ad018a9d593364ed},
  keywords = {VAE},
  note = {cite arxiv:1312.6114},
  timestamp = {2018-09-01T00:57:30.000+0200},
  title = {Auto-Encoding Variational Bayes},
  url = {http://arxiv.org/abs/1312.6114},
  year = 2013
}
% distribution cannot be computed
@ARTICLE{Hinton06afast,
    author = {Geoffrey E. Hinton and Simon Osindero},
    title = {A fast learning algorithm for deep belief nets},
    journal = {Neural Computation},
    year = {2006},
    volume = {18},
    pages = {2006}
}
% DBMS
@InProceedings{pmlr-v5-salakhutdinov09a,
  title = 	 {Deep Boltzmann Machines},
  author = 	 {Ruslan Salakhutdinov and Geoffrey Hinton},
  booktitle = 	 {Proceedings of the Twelth International Conference on Artificial Intelligence and Statistics},
  pages = 	 {448--455},
  year = 	 {2009},
  editor = 	 {David van Dyk and Max Welling},
  volume = 	 {5},
  series = 	 {Proceedings of Machine Learning Research},
  address = 	 {Hilton Clearwater Beach Resort, Clearwater Beach, Florida USA},
  month = 	 {16--18 Apr},
  publisher = 	 {PMLR},
  pdf = 	 {http://proceedings.mlr.press/v5/salakhutdinov09a/salakhutdinov09a.pdf},
  url = 	 {http://proceedings.mlr.press/v5/salakhutdinov09a.html},
}

% Radon Nikodym theorem

@Article{RePEc:eee:csdana:v:20:y:1995:i:6:p:703-702,
  author={Kramer, Walter},
  title={{Probability \& Measure : Patrick Billingsley (1995): (3rd ed.). New York : Wiley, ISBN 0-471-0071-02, pp 593, [pound sign] 49.95}},
  journal={Computational Statistics \& Data Analysis},
  year=1995,
  volume={20},
  number={6},
  pages={702-703},
  month={December},
  keywords={},
  doi={},
  abstract={No abstract is available for this item.},
  url={https://ideas.repec.org/a/eee/csdana/v20y1995i6p703-702.html}
}

% Intro to algs
@book{Cormen:2009:IAT:1614191,
 author = {Cormen, Thomas H. and Leiserson, Charles E. and Rivest, Ronald L. and Stein, Clifford},
 title = {Introduction to Algorithms, Third Edition},
 year = {2009},
 isbn = {0262033844, 9780262033848},
 edition = {3rd},
 publisher = {The MIT Press},
} 

% Probability Measure
@book{Roussas:1614120,
      author        = "Roussas, George G",
      title         = "{An introduction to measure-theoretic probability}",
      publisher     = "Elsevier",
      address       = "Burlington, MA",
      year          = "2004",
      url           = "http://cds.cern.ch/record/1614120",
}

% Radon Nikodym Derivative 
@Book{Bill86,
  Title                    = {Probability and Measure},
  Author                   = {Patrick Billingsley},
  Publisher                = {John Wiley and Sons},
  Year                     = {1986},
  Edition                  = {Second}
}

# Adversarially Learned Anomaly Detection
@article{DBLP:journals/corr/abs-1812-02288,
  author    = {Houssam Zenati and
               Manon Romain and
               Chuan Sheng Foo and
               Bruno Lecouat and
               Vijay Ramaseshan Chandrasekhar},
  title     = {Adversarially Learned Anomaly Detection},
  journal   = {CoRR},
  volume    = {abs/1812.02288},
  year      = {2018},
  url       = {http://arxiv.org/abs/1812.02288},
  archivePrefix = {arXiv},
  eprint    = {1812.02288},
  timestamp = {Tue, 01 Jan 2019 15:01:25 +0100},
  biburl    = {https://dblp.org/rec/bib/journals/corr/abs-1812-02288},
  bibsource = {dblp computer science bibliography, https://dblp.org}
}
# GANS and its applications to signal processing and NLp
@unknown{unknown,
author = {Lee, Hung-Yi and Tsao, Yu},
year = {2018},
month = {08},
pages = {},
title = {ICASSP 2018 Tutorial: Generative Adversarial Network and its Applications to Signal Processing and Natural Language Processing},
doi = {10.13140/RG.2.2.36227.40480}
}

# Gans overview
@article{article,
author = {Creswell, Antonia and White, Tom and Dumoulin, Vincent and Arulkumaran, Kai and Sengupta, Biswa and A Bharath, Anil},
year = {2017},
month = {10},
pages = {},
title = {Generative Adversarial Networks: An Overview},
volume = {35},
journal = {IEEE Signal Processing Magazine},
doi = {10.1109/MSP.2017.2765202}
}

# SN for GANS
@inproceedings{inproceedings_sn,
author = {Miyato, Takeru and Kataoka, Toshiki and Koyama, Masanori and Yoshida, Yuichi},
year = {2018},
month = {02},
pages = {},
title = {Spectral Normalization for Generative Adversarial Networks}
}

# AL one class classifier for novelty
@misc{sabokrou2018adversarially,
  added-at = {2018-02-27T08:07:16.000+0100},
  author = {Sabokrou, Mohammad and Khalooei, Mohammad and Fathy, Mahmood and Adeli, Ehsan},
  biburl = {https://www.bibsonomy.org/bibtex/25a12592a249093412aed337d66070b6b/jk_itwm},
  description = {Adversarially Learned One-Class Classifier for Novelty Detection},
  interhash = {e04dbcd4fe8ab686200ffefc3642e3a8},
  intrahash = {5a12592a249093412aed337d66070b6b},
  keywords = {seminar unsupervised},
  note = {cite arxiv:1802.09088Comment: CVPR 2018 Accepted Paper},
  timestamp = {2018-02-27T08:07:16.000+0100},
  title = {Adversarially Learned One-Class Classifier for Novelty Detection},
  url = {http://arxiv.org/abs/1802.09088},
  year = 2018
}

# Adversarial Examples
@inproceedings{Carlini:2017:AEE:3128572.3140444,
 author = {Carlini, Nicholas and Wagner, David},
 title = {Adversarial Examples Are Not Easily Detected: Bypassing Ten Detection Methods},
 booktitle = {Proceedings of the 10th ACM Workshop on Artificial Intelligence and Security},
 series = {AISec '17},
 year = {2017},
 isbn = {978-1-4503-5202-4},
 location = {Dallas, Texas, USA},
 pages = {3--14},
 numpages = {12},
 url = {http://doi.acm.org/10.1145/3128572.3140444},
 doi = {10.1145/3128572.3140444},
 acmid = {3140444},
 publisher = {ACM},
 address = {New York, NY, USA},
}

# Adversarial Learning

@inproceedings{Lowd:2005:AL:1081870.1081950,
 author = {Lowd, Daniel and Meek, Christopher},
 title = {Adversarial Learning},
 booktitle = {Proceedings of the Eleventh ACM SIGKDD International Conference on Knowledge Discovery in Data Mining},
 series = {KDD '05},
 year = {2005},
 isbn = {1-59593-135-X},
 location = {Chicago, Illinois, USA},
 pages = {641--647},
 numpages = {7},
 url = {http://doi.acm.org/10.1145/1081870.1081950},
 doi = {10.1145/1081870.1081950},
 acmid = {1081950},
 publisher = {ACM},
 address = {New York, NY, USA},
 keywords = {adversarial classification, linear classifiers, spam},
}

# Anomaly Detection a survey
@MISC{Chandola07anomalydetection:,
    author = {Varun Chandola and Arindam Banerjee and Vipin Kumar},
    title = {Anomaly Detection: A Survey},
    year = {2007}
}

# ANomaly Domains
# IT, Cyber Security

@article{AHMED201619,
title = {A survey of network anomaly detection techniques},
journal = "Journal of Network and Computer Applications",
volume = "60",
pages = "19 - 31",
year = "2016",
issn = "1084-8045",
doi = "https://doi.org/10.1016/j.jnca.2015.11.016",
url = "http://www.sciencedirect.com/science/article/pii/S1084804515002891",
author = "Mohiuddin Ahmed and Abdun Naser Mahmood and Jiankun Hu",
keywords = "Intrusion detection, Computer security, Anomaly detection, Classification, Clustering, Information theory"
}
@article{JABEZ2015338,
title = "Intrusion Detection System (IDS): Anomaly Detection Using Outlier Detection Approach",
journal = "Procedia Computer Science",
volume = "48",
pages = "338 - 346",
year = "2015",
note = "International Conference on Computer, Communication and Convergence (ICCC 2015)",
issn = "1877-0509",
doi = "https://doi.org/10.1016/j.procs.2015.04.191",
url = "http://www.sciencedirect.com/science/article/pii/S1877050915007000",
author = "J. Jabez and B. Muthukumar",
keywords = "IDS, Oulier, Anomaly"
}

@article{FERNANDES20161,
title = "Network anomaly detection using IP flows with Principal Component Analysis and Ant Colony Optimization",
journal = "Journal of Network and Computer Applications",
volume = "64",
pages = "1 - 11",
year = "2016",
issn = "1084-8045",
doi = "https://doi.org/10.1016/j.jnca.2015.11.024",
url = "http://www.sciencedirect.com/science/article/pii/S1084804516000618",
author = "Gilberto Fernandes and Luiz F. Carvalho and Joel J.P.C. Rodrigues and Mario Lemes ProenÃ§a",
keywords = "Traffic characterization, Anomaly detection, Network management, Principal Component Analysis (PCA), Ant Colony Optimization (ACO), Dynamic Time Warping (DTW)"
}

@article{finance_anomaly,
author = {Fiore, Ugo and De Santis, Alfredo and Perla, Francesca and Zanetti, Paolo and Palmieri, Francesco},
year = {2017},
month = {12},
pages = {},
title = {Using Generative Adversarial Networks for Improving Classification Effectiveness in Credit Card Fraud Detection},
journal = {Information Sciences},
doi = {10.1016/j.ins.2017.12.030}
}
# Medical 

@inproceedings{inproceedings_medical,
author = {Clifton, Lei and Clifton, David and Watkinson, Peter and Tarassenko, L},
year = {2011},
month = {01},
pages = {125-131},
title = {Identification of Patient Deterioration in Vital-Sign Data using One-Class Support Vector Machines.},
journal = {Proc. Comput. Sci. Inf. Syst}
}

@article{article_medical,
author = {Singh, Karanjit and Upadhyaya, Shuchita},
year = {2012},
month = {01},
pages = {},
title = {Outlier Detection: Applications And Techniques},
volume = {9},
journal = {International Journal of Computer Science Issues}
}

@article{Markou:2003:NDR:959414.959416,
 author = {Markou, Markos and Singh, Sameer},
 title = {Novelty Detection: A Review\&Mdash;Part 2: Neural Network Based Approaches},
 journal = {Signal Process.},
 issue_date = {December 2003},
 volume = {83},
 number = {12},
 month = dec,
 year = {2003},
 issn = {0165-1684},
 pages = {2499--2521},
 numpages = {23},
 url = {http://dx.doi.org/10.1016/j.sigpro.2003.07.019},
 doi = {10.1016/j.sigpro.2003.07.019},
 acmid = {959416},
 publisher = {Elsevier North-Holland, Inc.},
 address = {Amsterdam, The Netherlands, The Netherlands},
 keywords = {ART, MLP, Novelty detection, RBF, network-based approaches, neural networks},
} 



# Industry
@inproceedings{inproceedings_industry,
author = {Staar, Benjamin and LÃ¼tjen, Michael and Freitag, Michael},
year = {2018},
month = {07},
pages = {},
title = {Anomaly Detection with Convolutional Neural Networks for Industrial Surface Inspection}
}

@article{Napoletano_2018, title={Anomaly Detection in Nanofibrous Materials by CNN-Based Self-Similarity}, volume={18}, ISSN={1424-8220}, url={http://dx.doi.org/10.3390/s18010209}, DOI={10.3390/s18010209}, number={2}, journal={Sensors}, publisher={MDPI AG}, author={Napoletano, Paolo and Piccoli, Flavio and Schettini, Raimondo}, year={2018}, month={Jan}, pages={209}}

@Article{s150202774,
AUTHOR = {MartÃ­, Luis and Sanchez-Pi, Nayat and Molina, JosÃ© Manuel and Garcia, Ana Cristina Bicharra},
TITLE = {Anomaly Detection Based on Sensor Data in Petroleum Industry Applications},
JOURNAL = {Sensors},
VOLUME = {15},
YEAR = {2015},
NUMBER = {2},
PAGES = {2774--2797},
URL = {http://www.mdpi.com/1424-8220/15/2/2774},
PubMedID = {25633599},
ISSN = {1424-8220},
DOI = {10.3390/s150202774}
}

@article{Kim:2012:MLN:2076800.2076903,
 author = {Kim, Dongil and Kang, Pilsung and Cho, Sungzoon and Lee, Hyoung-joo and Doh, Seungyong},
 title = {Machine Learning-based Novelty Detection for Faulty Wafer Detection in Semiconductor Manufacturing},
 journal = {Expert Syst. Appl.},
 issue_date = {March, 2012},
 volume = {39},
 number = {4},
 month = mar,
 year = {2012},
 issn = {0957-4174},
 pages = {4075--4083},
 numpages = {9},
 url = {http://dx.doi.org/10.1016/j.eswa.2011.09.088},
 doi = {10.1016/j.eswa.2011.09.088},
 acmid = {2076903},
 publisher = {Pergamon Press, Inc.},
 address = {Tarrytown, NY, USA},
 keywords = {Dimensionality reduction, Faulty wafer detection, Novelty detection, Semiconductor manufacturing, Virtual metrology},
} 

# Image

@inproceedings{image_anomaly,
author = {Angelov, Plamen and Ramezani, Ramin and Zhou, Xiaowei},
year = {2008},
month = {06},
pages = {1456-1463},
title = {Autonomous Novelty Detection and Object Tracking in Video Streams using Evolving Clustering and Takagi-Sugeno type Neuro-Fuzzy System},
journal = {Proceedings of the International Joint Conference on Neural Networks},
doi = {10.1109/IJCNN.2008.4633989}
}


# Data Mining
@article{AGRAWAL2015708,
title = "Survey on Anomaly Detection using Data Mining Techniques",
journal = "Procedia Computer Science",
volume = "60",
pages = "708 - 713",
year = "2015",
note = "Knowledge-Based and Intelligent Information & Engineering Systems 19th Annual Conference, KES-2015, Singapore, September 2015 Proceedings",
issn = "1877-0509",
doi = "https://doi.org/10.1016/j.procs.2015.08.220",
url = "http://www.sciencedirect.com/science/article/pii/S1877050915023479",
author = "Shikha Agrawal and Jitendra Agrawal",
keywords = "Anomaly Detection, Clustering, Classification, Data Mining, Intrusion Detection System.",
}

# Sensor Networks
@article{AHMAD2017134,
title = "Unsupervised real-time anomaly detection for streaming data",
journal = "Neurocomputing",
volume = "262",
pages = "134 - 147",
year = "2017",
note = "Online Real-Time Learning Strategies for Data Streams",
issn = "0925-2312",
doi = "https://doi.org/10.1016/j.neucom.2017.04.070",
url = "http://www.sciencedirect.com/science/article/pii/S0925231217309864",
author = "Subutai Ahmad and Alexander Lavin and Scott Purdy and Zuha Agha",
keywords = "Anomaly detection, Hierarchical Temporal Memory, Streaming data, Unsupervised learning, Concept drift, Benchmark dataset",
}

@Article{UlIslam2018,
author="Ul Islam, Raihan
and Hossain, Mohammad Shahadat
and Andersson, Karl",
title="A novel anomaly detection algorithm for sensor data under uncertainty",
journal="Soft Computing",
year="2018",
month="Mar",
day="01",
volume="22",
number="5",
pages="1623--1639",
issn="1433-7479",
doi="10.1007/s00500-016-2425-2",
url="https://doi.org/10.1007/s00500-016-2425-2"
}

@article{article,
author = {Kakavand, Mohsen and Mustapha, Norwati and Mustapha, Aida and Taufik Abdullah, Mohd and Riahi, Hamed},
year = {2015},
month = {01},
pages = {89-97},
title = {A Survey of Anomaly Detection Using Data Mining Methods for Hypertext Transfer Protocol Web Services},
volume = {11},
journal = {Journal of Computer Science},
doi = {10.3844/jcssp.2015.89.97}
}
@article {iot_anomaly,
author = {Behniafar, M. and Nowroozi, A.R. and Shahriari, H.R.},
title = {A Survey of Anomaly Detection Approaches in Internet of Things},
journal = {The ISC International Journal of Information Security},
volume = {10},
number = {2},
pages = {79-92},
year  = {2018},
publisher = {Iranian Society of Cryptology},
issn = {2008-2045},
eissn = {2008-3076},
doi = {10.22042/isecure.2018.116976.408},

keywords = {Anomaly,Intrusion Detection,Internet of Things,IT Security},
url = {http://www.isecure-journal.com/article_66995.html},
eprint = {http://www.isecure-journal.com/article__835f5ca77e495cec328b957653e1f4d566995.pdf}
}

# lipschitz
@book{sohrab2011basic,
  title={Basic Real Analysis},
  author={Sohrab, H.H.},
  isbn={9780817682323},
  lccn={2002041756},
  url={https://books.google.it/books?id=zjfaBwAAQBAJ},
  year={2011},
  publisher={Birkh{\"a}user Boston}
}

  % Cycle consistency
  @article{Zhu2017UnpairedIT,
  title={Unpaired Image-to-Image Translation Using Cycle-Consistent Adversarial Networks},
  author={Jun-Yan Zhu and Taesung Park and Phillip Isola and Alexei A. Efros},
  journal={2017 IEEE International Conference on Computer Vision (ICCV)},
  year={2017},
  pages={2242-2251}
}

#ALICE Framework
@inproceedings{Li2017TowardsUA,
  title={Towards Understanding Adversarial Learning for Joint Distribution Matching},
  author={Chunyuan Li and Hao Liu and Changyou Chen and Yunchen Pu and Liqun Chen and Ricardo Henao and Lawrence Carin},
  booktitle={NIPS},
  year={2017}
}

% Conditional Entropy
@book{Cover:2006:EIT:1146355,
 author = {Cover, Thomas M. and Thomas, Joy A.},
 title = {Elements of Information Theory (Wiley Series in Telecommunications and Signal Processing)},
 year = {2006},
 isbn = {0471241954},
 publisher = {Wiley-Interscience},
 address = {New York, NY, USA},
} 

# Lotus theorem
@article{ringner2009law,
  title={Law of the unconscious statistician},
  author={Ringn{\'e}r, Bengt},
  year={2009}
}

  #discogan
  @inproceedings{Kim2017LearningTD,
  title={Learning to Discover Cross-Domain Relations with Generative Adversarial Networks},
  author={Taeksoo Kim and Moonsu Cha and Hyunsoo Kim and Jung Kwon Lee and Jiwon Kim},
  booktitle={ICML},
  year={2017}
}

#dualgan 
@article{Yi2017DualGANUD,
  title={DualGAN: Unsupervised Dual Learning for Image-to-Image Translation},
  author={Zili Yi and Hao Zhang and Ping Tan and Minglun Gong},
  journal={2017 IEEE International Conference on Computer Vision (ICCV)},
  year={2017},
  pages={2868-2876}
}

# learning feature
@inproceedings{Larsen2016AutoencodingBP,
  title={Autoencoding beyond pixels using a learned similarity metric},
  author={Anders Boesen Lindbo Larsen and S{\o}ren Kaae S{\o}nderby and Hugo Larochelle and Ole Winther},
  booktitle={ICML},
  year={2016}
}

# Stacked autoencoders
@inproceedings{Masci2011StackedCA,
  title={Stacked Convolutional Auto-Encoders for Hierarchical Feature Extraction},
  author={Jonathan Masci and Ueli Meier and Dan C. Ciresan and J{\"u}rgen Schmidhuber},
  booktitle={ICANN},
  year={2011}
}


# Ganomaly 
@inproceedings{Akay2018GANomalySA,
  title={GANomaly: Semi-supervised Anomaly Detection via Adversarial Training},
  author={Samet AkÃ§ay and Amir Atapour Abarghouei and Toby P. Breckon},
  booktitle={ACCV},
  year={2018}
}

# Skip Ganomaly

@article{Akay2019SkipGANomalySC,
  title={Skip-GANomaly: Skip Connected and Adversarially Trained Encoder-Decoder Anomaly Detection},
  author={Samet AkÃ§ay and Amir Atapour Abarghouei and Toby P. Breckon},
  journal={CoRR},
  year={2019},
  volume={abs/1901.08954}
}

# Cifar10

@article{cifar10,
title= {CIFAR-10 (Canadian Institute for Advanced Research)},
journal= {},
author= {Alex Krizhevsky and Vinod Nair and Geoffrey Hinton},
year= {},
url= {http://www.cs.toronto.edu/~kriz/cifar.html},
keywords= {Dataset},
terms= {}
}

% SVHN
@inproceedings{Netzer2011ReadingDI,
  title={Reading Digits in Natural Images with Unsupervised Feature Learning},
  author={Yuval Netzer and Tao Wang and Adam Coates and Alessandro Bissacco and Bo Wu and Andrew Y. Ng},
  year={2011}
}

% Efficient gan based anonaly detection
@article{Zenati2018EfficientGA,
  title={Efficient GAN-Based Anomaly Detection},
  author={Houssam Zenati and Chuan Sheng Foo and Bruno Lecouat and Gaurav Manek and Vijay Ramaseshan Chandrasekhar},
  journal={CoRR},
  year={2018},
  volume={abs/1802.06222}
}

% image to image
@article{Isola2017ImagetoImageTW,
  title={Image-to-Image Translation with Conditional Adversarial Networks},
  author={Phillip Isola and Jun-Yan Zhu and Tinghui Zhou and Alexei A. Efros},
  journal={2017 IEEE Conference on Computer Vision and Pattern Recognition (CVPR)},
  year={2017},
  pages={5967-5976}
}

% fanogan

@article{pub.1111824956,
	author = {Schlegl, Thomas and SeebÃ¶ck, Philipp and Waldstein, Sebastian M. and Langs, Georg and Schmidt-Erfurth, Ursula},
	doi = {10.1016/j.media.2019.01.010},
	journal = {Medical Image Analysis},
	keywords = {Artificial Intelligence and Image Processing},
	number = {Data Mining and Knowledge Discovery 29 3 2015},
	pages = {30-44},
	title = {f-AnoGAN: Fast Unsupervised Anomaly Detection with Generative Adversarial Networks},
	url = {https://app.dimensions.ai/details/publication/pub.1111824956},
	volume = {54},
	year = {2019}
}

# EBGAN

@article{Zhao2016EnergybasedGA,
	title={Energy-based Generative Adversarial Network},
	author={Junbo Jake Zhao and Micha{\"e}l Mathieu and Yann LeCun},
	journal={CoRR},
	year={2016},
	volume={abs/1609.03126}
}

# WGAN

@article{Arjovsky2017WassersteinG,
	title={Wasserstein GAN},
	author={Mart{\'i}n Arjovsky and Soumith Chintala and L{\'e}on Bottou},
	journal={CoRR},
	year={2017},
	volume={abs/1701.07875}
}

# wgan training improvements
@inproceedings{Gulrajani2017ImprovedTO,
	title={Improved Training of Wasserstein GANs},
	author={Ishaan Gulrajani and Faruk Ahmed and Mart{\'i}n Arjovsky and Vincent Dumoulin and Aaron C. Courville},
	booktitle={NIPS},
	year={2017}
}

# Energy based learning
@INPROCEEDINGS{LeCun06atutorial,
	author = {Yann LeCun and Sumit Chopra and Raia Hadsell and Fu Jie Huang and et al.},
	title = {A tutorial on energy-based learning},
	booktitle = {PREDICTING STRUCTURED DATA},
	year = {2006},
	publisher = {MIT Press}
}

#Defect detection SEM
@article{carrera2016defect,
	title={Defect detection in SEM images of nanofibrous materials},
	author={Carrera, Diego and Manganini, Fabio and Boracchi, Giacomo and Lanzarone, Ettore},
	journal={IEEE Transactions on Industrial Informatics},
	volume={13},
	number={2},
	pages={551--561},
	year={2016},
	publisher={IEEE}
}

# SEM Dataset
@article{sem,
	title= {SEM Image Dataset)},
	journal= {},
	author= {},
	year= {},
	url= {http://web.mi.imati.cnr.it/ettore/NanoTwice},
	keywords= {Dataset},
	terms= {}
}